<record><leader>00000cas a22000007a 4500</leader><controlfield tag="001">13994938</controlfield><controlfield tag="008">860731d18921893inudn ne      0    0eng d</controlfield><datafield ind1=" " ind2=" " tag="010"><subfield code="a">sn 86058726 </subfield></datafield><datafield ind1=" " ind2=" " tag="040"><subfield code="a">NPI</subfield><subfield code="b">eng</subfield><subfield code="c">NPI</subfield><subfield code="d">DLC</subfield><subfield code="d">OCLCQ</subfield></datafield><datafield ind1=" " ind2=" " tag="042"><subfield code="a">msc</subfield></datafield><datafield ind1="0" ind2=" " tag="130"><subfield code="a">Muncie news (Muncie, Ind. : Daily : 1892)</subfield></datafield><datafield ind1="1" ind2="4" tag="245"><subfield code="a">The Muncie news.</subfield></datafield><datafield ind1="3" ind2="0" tag="246"><subfield code="a">Sunday morning news</subfield></datafield><datafield ind1=" " ind2=" " tag="260"><subfield code="a">Muncie, Ind. :</subfield><subfield code="b">Chas. F.W. Neely,</subfield><subfield code="c">-1893.</subfield></datafield><datafield ind1=" " ind2=" " tag="310"><subfield code="a">Daily (except Monday)</subfield></datafield><datafield ind1="1" ind2=" " tag="362"><subfield code="a">Began in 1892.</subfield></datafield><datafield ind1="0" ind2=" " tag="362"><subfield code="a">-v. 15, no. 292 (Apr. 9, 1893).</subfield></datafield><datafield ind1=" " ind2=" " tag="500"><subfield code="a">On Sunday published as: Sunday morning news, &lt;July 10, 1892&gt;-Apr. 9, 1893.</subfield></datafield><datafield ind1=" " ind2=" " tag="580"><subfield code="a">Published also in a weekly edition called: Muncie news (Muncie, Ind. : Weekly).</subfield></datafield><datafield ind1=" " ind2=" " tag="588"><subfield code="a">Description based on: Vol. 15, no. 54 (July 5, 1892).</subfield></datafield><datafield ind1=" " ind2=" " tag="752"><subfield code="a">United States</subfield><subfield code="b">Indiana</subfield><subfield code="c">Delaware</subfield><subfield code="d">Muncie.</subfield></datafield><datafield ind1="1" ind2=" " tag="775"><subfield code="t">Muncie news (Muncie, Ind. : Weekly)</subfield><subfield code="w">(DLC)sn 86058727</subfield></datafield><datafield ind1="0" ind2="0" tag="780"><subfield code="t">Muncie daily news</subfield><subfield code="w">(DLC)sn 86063065</subfield><subfield code="w">(OCoLC)13105093</subfield></datafield><datafield ind1="0" ind2="0" tag="785"><subfield code="t">Morning news (Muncie, Ind.)</subfield><subfield code="w">(DLC)sn 86058725</subfield></datafield><datafield ind1="1" ind2=" " tag="029"><subfield code="a">AU@</subfield><subfield code="b">000023482594</subfield></datafield></record>